@article{Schwinger:1951nm,
author = "Schwinger, J. S.",
editor = "Milton, K. A.",
title = "{On gauge invariance and vacuum polarization}",
doi = "10.1103/PhysRev.82.664",
journal = "Phys. Rev.",
volume = "82",
pages = "664--679",
year = "1951"
}
@article{ohanian1986spin,
title={What is spin?},
author={Ohanian, H. C.},
journal={American Journal of Physics},
volume={54},
number={6},
pages={500--505},
year={1986},
doi="doi.org/10.1119/1.14580",
publisher={American Association of Physics Teachers}
}
@book{sakurai1967advanced,
title={Advanced quantum mechanics},
author={Sakurai, J. J.},
year={1967},
publisher={Pearson Education India}
}
@article{Tiesinga:2021myr,
author = "Tiesinga, E. and Mohr, P. J. and Newell, D. B. and Taylor, B. N.",
title = "{CODATA recommended values of the fundamental physical constants: 2018}",
doi = "10.1103/RevModPhys.93.025010",
journal = "Rev. Mod. Phys.",
volume = "93",
number = "2",
pages = "025010",
year = "2021"
}
@article{Muong-2:2023cdq,
author = "Aguillard, D. P. and others",
collaboration = "Muon g-2",
title = "{Measurement of the Positive Muon Anomalous Magnetic Moment to 0.20 ppm}",
doi = {10.48550/arXiv.2308.06230},
journal = "arXiv preprint",
eprint = "2308.06230",
archivePrefix = "arXiv",
primaryClass = "hep-ex",
reportNumber = "FERMILAB-PUB-23-385-AD-CSAID-PPD",
month = "8",
year = "2023"
}
@book{Itzykson:1980rh,
author = "Itzykson, C. and Zuber, J. B.",
title = "{Quantum Field Theory}",
isbn = "978-0-486-44568-7",
publisher = "McGraw-Hill",
address = "New York",
series = "International Series In Pure and Applied Physics",
year = "1980"
}
@book{Thaller:1992ji,
author = "Thaller, B.",
title = "{The Dirac equation}",
publisher={Springer Science \& Business Media},
year = "2013",
isbn = "978-3-662-02753-0",
doi = "10.1007/978-3-662-02753-0",
note = "[Orig. pub. 1992]"
}
@article{ACME:2018yjb,
    author = "Andreev, V. and others",
    collaboration = "ACME",
    title = "{Improved limit on the electric dipole moment of the electron}",
    doi = "10.1038/s41586-018-0599-8",
    journal = "Nature",
    volume = "562",
    number = "7727",
    pages = "355--360",
    year = "2018"
}
@article{Roussy:2022cmp,
    author = "Roussy, T. S. and others",
    title = "{An improved bound on the electron\textquoteright{}s electric dipole moment}",
    eprint = "2212.11841",
    archivePrefix = "arXiv",
    primaryClass = "physics.atom-ph",
    doi = "10.1126/science.adg4084",
    journal = "Science",
    volume = "381",
    number = "6653",
    pages = "adg4084",
    year = "2023"
}
@article{Knecht:2003kc,
    author = "Knecht, M.",
    editor = "Meissner, U. G. and Plessas, Willibald",
    title = "{The Anomalous magnetic moment of the muon: A Theoretical introduction}",
    eprint = "hep-ph/0307239",
    archivePrefix = "arXiv",
    reportNumber = "CPT-2003-P-4525, CPT-2003-P.4525",
    doi = "10.1007/978-3-540-44457-2_2",
    journal = "Lect. Notes Phys.",
    volume = "629",
    pages = "37--84",
    year = "2004"
}
@article{Fock:1937dy,
    author = "Fock, V.",
    title = "{Proper time in classical and quantum mechanics}",
    journal = "Phys. Z. Sowjetunion",
    volume = "12",
    pages = "404--425",
    year = "1937"
}
@article{Feynman:1958ty,
    author = "Feynman, R. P. and Gell-Mann, M.",
    editor = "Brown, L. M.",
    title = "{Theory of Fermi interaction}",
    doi = "10.1103/PhysRev.109.193",
    journal = "Phys. Rev.",
    volume = "109",
    pages = "193--198",
    year = "1958"
}
@article{Aoyama:2020ynm,
    author = "Aoyama, T. and others",
    title = "{The anomalous magnetic moment of the muon in the Standard Model}",
    eprint = "2006.04822",
    archivePrefix = "arXiv",
    primaryClass = "hep-ph",
    reportNumber = "FERMILAB-PUB-20-207-T, INT-PUB-20-021, KEK Preprint 2020-5,
  MITP/20-028, KEK Preprint 2020-5, MITP/20-028, CERN-TH-2020-075, IFT-UAM/CSIC-20-74, LMU-ASC 18/20, LTH 1234,
  LU TP 20-20, LTH 1234, LU TP 20-20, MAN/HEP/2020/003, PSI-PR-20-06, UWThPh 2020-14, ZU-TH 18/20",
    doi = "10.1016/j.physrep.2020.07.006",
    journal = "Phys. Rept.",
    volume = "887",
    pages = "1--166",
    year = "2020"
}
@article{Proceedings:2012ulb,
    author = "Hewett, J. L. and others",
    title = "{Fundamental Physics at the Intensity Frontier}",
    journal="arXiv preprint",
    eprint = "1205.2671",
    archivePrefix = "arXiv",
    primaryClass = "hep-ex",
    reportNumber = "ANL-HEP-TR-12-25, SLAC-R-991, FERMILAB-CONF-12-879-PPD",
    doi = "10.2172/1042577",
    month = "5",
    year = "2012"
}
@article{Veltman:1997am,
    author = "Veltman, M. J. G.",
    title = "{Two component theory and electron magnetic moment}",
    eprint = "hep-th/9712216",
    archivePrefix = "arXiv",
    journal = "Acta Phys. Polon. B",
    volume = "29",
    pages = "783--798",
    year = "1998"
}
@book{Jegerlehner:2017gek,
    author = "Jegerlehner, Friedrich",
    title = "{The Anomalous Magnetic Moment of the Muon}",
    doi = "10.1007/978-3-319-63577-4",
    publisher = "Springer",
    address = "Cham",
    volume = "274",
    year = "2017"
}
@article{Eichmann:2016yit,
    author = "Eichmann, G. and Sanchis-Alepuz, H. and Williams, R. and Alkofer, R. and Fischer, C. S.",
    title = "{Baryons as relativistic three-quark bound states}",
    eprint = "1606.09602",
    archivePrefix = "arXiv",
    primaryClass = "hep-ph",
    doi = "10.1016/j.ppnp.2016.07.001",
    journal = "Prog. Part. Nucl. Phys.",
    volume = "91",
    pages = "1--100",
    year = "2016"
}
@article{Pacetti:2014jai,
    author = "Pacetti, S. and Baldini Ferroli, R. and Tomasi-Gustafsson, E.",
    title = "{Proton electromagnetic form factors: Basic notions, present achievements and future perspectives}",
    doi = "10.1016/j.physrep.2014.09.005",
    journal = "Phys. Rept.",
    volume = "550-551",
    pages = "1--103",
    year = "2015"
}
@article{Ferrara:1992yc,
    author = "Ferrara, S. and Porrati, M. and Telegdi, V. L.",
    title = "{$g=2$ as the natural value of the tree-level gyromagnetic ratio of elementary particles}",
    reportNumber = "CERN-TH-6432-92, UCLA-92-TEP-7",
    doi = "10.1103/PhysRevD.46.3529",
    journal = "Phys. Rev. D",
    volume = "46",
    pages = "3529--3537",
    year = "1992"
}
@article{Davis:2003ad,
    author = "Davis, T. M. and Lineweaver, C. H.",
    title = "{Expanding confusion: common misconceptions of cosmological horizons and the superluminal expansion of the universe}",
    eprint = "astro-ph/0310808",
    archivePrefix = "arXiv",
    doi = "10.1071/AS03040",
    journal = "Publ. Astron. Soc. Austral.",
    volume = "21",
    pages = "97",
    year = "2004"
}
@article{Rafelski:2013yka,
    author = "Rafelski, J. and Birrell, J.",
    editor = "Evans, D. and Hands, S. and Lietava, R. and Romita, R. and Villalobos Baillie, O.",
    title = "{Traveling Through the Universe: Back in Time to the Quark-Gluon Plasma Era}",
    eprint = "1311.0075",
    archivePrefix = "arXiv",
    primaryClass = "nucl-th",
    doi = "10.1088/1742-6596/509/1/012014",
    journal = "J. Phys. Conf. Ser.",
    volume = "509",
    pages = "012014",
    year = "2014"
}