@article{Steinmetz:2018ryf,
author = "Steinmetz, A. and Formanek, M. and Rafelski, J.",
title = "{Magnetic Dipole Moment in Relativistic Quantum Mechanics}",
eprint = "1811.06233",
archivePrefix = "arXiv",
primaryClass = "hep-ph",
doi = "10.1140/epja/i2019-12715-5",
journal = "Eur. Phys. J. A",
volume = "55",
number = "3",
pages = "40",
year = "2019"
}
@article{Ferrer:2009nq,
author = "Ferrer, E. J. and de la Incera, V.",
title = "{Dynamically Generated Anomalous Magnetic Moment in Massless QED}",
eprint = "0905.1733",
archivePrefix = "arXiv",
primaryClass = "hep-ph",
doi = "10.1016/j.nuclphysb.2009.08.024",
journal = "Nucl. Phys. B",
volume = "824",
pages = "217--238",
year = "2010"
}
@phdthesis{Hackebill:2022uxv,
author = "Hackebill, Aric A.",
title = "{Magnetic Field Effects on the Physics of Neutron Stars}",
school = "CUNY, Academic Works",
note = "URL: \href{https://academicworks.cuny.edu/gc_etds/5030}{https://academicworks.cuny.edu/gc\_etds/5030}",
year = "2022"
}
@article{Jentschura:1996zz,
author = "Jentschura, U. and Pachucki, K.",
title = "{Higher-order binding corrections to the Lamb shift of P-2 states}",
eprint = "physics/0011008",
archivePrefix = "arXiv",
doi = "10.1103/PhysRevA.54.1853",
journal = "Phys. Rev. A",
volume = "54",
pages = "1853--1861",
year = "1996"
}
@article{Eides:2000xc,
author = "Eides, Michael I. and Grotch, Howard and Shelyuto, Valery A.",
title = "{Theory of light hydrogen - like atoms}",
eprint = "hep-ph/0002158",
archivePrefix = "arXiv",
reportNumber = "PSU-TH-226",
doi = "10.1016/S0370-1573(00)00077-6",
journal = "Phys. Rept.",
volume = "342",
pages = "63--261",
year = "2001"
}
@article{Jancovici:1969exc,
author = "Jancovici, B.",
title = "{Radiative correction to the ground-state energy of an electron in an intense magnetic field}",
doi = "10.1103/PhysRev.187.2275",
journal = "Phys. Rev.",
volume = "187",
pages = "2275--2276",
year = "1969"
}
@article{Rafelski:2017hce,
author = "Rafelski, J. and Formanek, M. and Steinmetz, A.",
title = "{Relativistic Dynamics of Point Magnetic Moment}",
eprint = "1712.01825",
archivePrefix = "arXiv",
primaryClass = "physics.class-ph",
doi = "10.1140/epjc/s10052-017-5493-2",
journal = "Eur. Phys. J. C",
volume = "78",
number = "1",
pages = "6",
year = "2018"
}
@article{Foldy:1952a,
title = {The Electromagnetic Properties of Dirac Particles},
author = {Foldy, L. L.},
journal = {Phys. Rev.},
volume = {87},
issue = {5},
pages = {688--693},
numpages = {0},
year = {1952},
month = {Sep},
publisher = {American Physical Society},
doi = {10.1103/PhysRev.87.688},
}
@article{Johnson:1950zz,
author = "Johnson, M. H. and Lippmann, B. A.",
title = "{Relativistic Motion in a Magnetic Field}",
doi = "10.1103/PhysRev.77.702",
journal = "Phys. Rev.",
volume = "77",
pages = "702--705",
year = "1950"
}
@article{OConnell:1968spc,
author = "O'Connell, R. F.",
title = "{Effect of the Anomalous Magnetic Moment of the Electron on the Nonlinear Lagrangian of the Electromagnetic Field}",
doi = "10.1103/PhysRev.176.1433",
journal = "Phys. Rev.",
volume = "176",
pages = "1433--1437",
year = "1968"
}
@article{Tsai:1971zma,
author = "Tsai, W. Y. and Yildiz, A.",
title = "{Motion of charged particles in a homogeneous magnetic field}",
doi = "10.1103/PhysRevD.4.3643",
journal = "Phys. Rev. D",
volume = "4",
pages = "3643--3648",
year = "1971"
}
@article{Martin:1958zz,
author = "Martin, P. C. and Glauber, R. J.",
title = "{Relativistic Theory of Radiative Orbital Electron Capture}",
doi = "10.1103/PhysRev.109.1307",
journal = "Phys. Rev.",
volume = "109",
pages = "1307--1325",
year = "1958"
}
@article{Gesztesy:1984hd,
title={On the selfadjointness of Dirac operators with anomalous magnetic moment},
author={Gesztesy, F and Simon, B and Thaller, B},
journal={Proceedings of the American Mathematical Society},
volume={94},
doi={10.2307/2044962},
number={1},
pages={115--118},
year={1985}
}
@article{Rafelski:2022bsv,
author = "Rafelski, Johann and Evans, Stefan and Labun, Lance",
title = "{Study of QED singular properties for variable gyromagnetic ratio $g\simeq 2$}",
eprint = "2212.13165",
archivePrefix = "arXiv",
primaryClass = "hep-th",
doi = "10.1103/PhysRevD.107.076002",
journal = "Phys. Rev. D",
volume = "107",
year = "2023"
}
@article{Niederle:2004bx,
author = "Niederle, J. and Nikitin, A. G.",
title = "{Relativistic Coulomb problem for particles with arbitrary half-integer spin}",
eprint = "hep-th/0412214",
archivePrefix = "arXiv",
doi = "10.1088/0305-4470/39/34/023",
journal = "J. Phys. A",
volume = "39",
pages = "10931--10944",
year = "2006"
}
@article{Labun:2008re,
author = "Labun, Lance and Rafelski, Johann",
title = "{Vacuum Decay Time in Strong External Fields}",
eprint = "0808.0874",
archivePrefix = "arXiv",
primaryClass = "hep-ph",
doi = "10.1103/PhysRevD.79.057901",
journal = "Phys. Rev. D",
volume = "79",
pages = "057901",
year = "2009"
}
@article{Evans:2018kor,
author = "Evans, Stefan and Rafelski, Johann",
title = "{Vacuum stabilized by anomalous magnetic moment}",
eprint = "1805.03622",
archivePrefix = "arXiv",
primaryClass = "hep-ph",
doi = "10.1103/PhysRevD.98.016006",
journal = "Phys. Rev. D",
volume = "98",
number = "1",
pages = "016006",
year = "2018"
}
@unpublished{Asenjo:2023mon,
author = "Asenjo, F. A. and Koch, B.",
title = "{Extended BMT equations and the anomalous magnetic moment}",
eprint = "2309.16216",
archivePrefix = "arXiv",
primaryClass = "hep-ph",
note = "\href{https://arxiv.org/abs/2309.16216}{arXiv:2309.16216}",
month = "9",
year = "2023"
}
@phdthesis{Sainte-Marie:2023aqn,
author = "Sainte-Marie, Antonin",
title = "{Strong-field Quantum Electrodynamics in the extremely intense light of relativistic plasma mirrors}",
school = "universit\'e Paris-Saclay",
note = "URL: \href{https://theses.hal.science/tel-04057676}{https://theses.hal.science/tel-04057676}",
year = "2023"
}
@article{Kaspi:2017fwg,
author = "Kaspi, Victoria M. and Beloborodov, Andrei",
title = "{Magnetars}",
eprint = "1703.00068",
archivePrefix = "arXiv",
primaryClass = "astro-ph.HE",
doi = "10.1146/annurev-astro-081915-023329",
journal = "Ann. Rev. Astron. Astrophys.",
volume = "55",
pages = "261--301",
year = "2017"
}
@article{Thomas:1926dy,
author = "Thomas, L. H.",
title = "{The motion of a spinning electron}",
doi = "10.1038/117514a0",
journal = "Nature",
volume = "117",
pages = "514",
year = "1926"
}
@article{Ferrer:2015wca,
author = "Ferrer, E. J. and de la Incera, V. and Manreza Paret, D. and P\'erez Mart\'\i{}nez, A. and Sanchez, A.",
title = "{Insignificance of the anomalous magnetic moment of charged fermions for the equation of state of a magnetized and dense medium}",
eprint = "1501.06616",
archivePrefix = "arXiv",
primaryClass = "hep-ph",
doi = "10.1103/PhysRevD.91.085041",
journal = "Phys. Rev. D",
volume = "91",
number = "8",
pages = "085041",
year = "2015"
}
@article{Broderick:2000pe,
author = "Broderick, A. and Prakash, M. and Lattimer, J. M.",
title = "{The Equation of state of neutron star matter in strong magnetic fields}",
eprint = "astro-ph/0001537",
archivePrefix = "arXiv",
doi = "10.1086/309010",
journal = "Astrophys. J.",
volume = "537",
pages = "351",
year = "2000"
}
@inbook{Weisskopf:1936hya,
place={Cambridge},
title={The electrodynamics of the vacuum based on the quantum theory of the electron},
DOI={10.1017/CBO9780511608223.018},
booktitle={Early Quantum Electrodynamics: A Sourcebook},
publisher={Cambridge University Press},
author={Weisskopf, V.},
year={1936},
pages={206–226},
note="[translated and reprinted in 1994]"
}
@article{Bargmann:1959gz,
author = "Bargmann, V. and Michel, L. and Telegdi, V. L.",
editor = "Damour, Thibault and Todorov, Ivan and Zhilinskii, Boris",
title = "{Precession of the polarization of particles moving in a homogeneous electromagnetic field}",
doi = "10.1103/PhysRevLett.2.435",
journal = "Phys. Rev. Lett.",
volume = "2",
pages = "435--436",
year = "1959"
}
@article{schwinger1974spin,
title={Spin precession—a dynamical discussion},
author={Schwinger, J.},
journal={American Journal of Physics},
volume={42},
doi = "10.1119/1.1987764",
number={6},
pages={510--513},
year={1974},
publisher={American Association of Physics Teachers}
}
@article{Frenkel:1926zz,
author = "Frenkel, J.",
title = "{Die Elektrodynamik des rotierenden Elektrons}",
doi = "10.1007/BF01397099",
journal = "Z. Phys.",
volume = "37",
pages = "243--262",
year = "1926"
}
@phdthesis{Evans:2022ygl,
author = "Evans, Stefan",
title = "{Nonperturbative Aspects in the QED Vacuum Related to Anomalous Magnetic Moment}",
school = "Arizona U.",
note = "URN/HDL: \href{https://hdl.handle.net/10150/665648}{10150/665648}",
year = "2022"
}
@phdthesis{Formanek:2020ojr,
author = "Formanek, Martin",
title = "{Revisiting Covariant Particle Dynamics}",
school = "Arizona U.",
note = "URN/HDL: \href{https://hdl.handle.net/10150/650804}{10150/650804}",
year = "2020"
}
@book{Ohlsson:2011zz,
author = "Ohlsson, T.",
title = "{Relativistic quantum physics: From advanced quantum mechanics to introductory quantum field theory}",
doi = "10.1017/CBO9781139032681",
isbn = "978-1-139-21072-0, 978-0-521-76726-2",
publisher = "Cambridge University Press",
month = "2",
year = "2012"
}
@article{Barut:1975hz,
author = "Barut, A. O. and Kraus, J.",
title = "{Resonances in e+ e- System Due to Anomalous Magnetic Moment Interactions}",
reportNumber = "Print-75-0687 (MUNICH)",
doi = "10.1016/0370-2693(75)90696-6",
journal = "Phys. Lett. B",
volume = "59",
pages = "175--178",
year = "1975"
}
@article{Barut:1976hs,
author = "Barut, A. O. and Kraus, J.",
title = "{Solution of the Dirac Equation with Coulomb and Magnetic Moment Interactions}",
doi = "10.1063/1.522932",
journal = "J. Math. Phys.",
volume = "17",
pages = "506--508",
year = "1976"
}
@article{Rafelski:1976ts,
author = "Rafelski, J. and Fulcher, L. P. and Klein, A.",
title = "{Fermions and Bosons Interacting with Arbitrarily Strong External Fields}",
reportNumber = "PRINT-77-0334 (ANL)",
doi = "10.1016/0370-1573(78)90116-3",
journal = "Phys. Rept.",
volume = "38",
pages = "227--361",
year = "1978"
}
@article{Rafelski:2016ixr,
author = {Rafelski, J. and Kirsch, J. and M\"uller, B. and Reinhardt, J. and Greiner, W.},
editor = {Schramm, Stefan and Sch\"afer, Mirko},
title = "{Probing QED Vacuum with Heavy Ions}",
eprint = "1604.08690",
archivePrefix = "arXiv",
primaryClass = "nucl-th",
doi = "10.1007/978-3-319-44165-8_17",
journal = "FIAS Interdisc. Sci. Ser.",
pages = "211--251",
year = "2017"
}
@book{Greiner:1985ce,
author = "Greiner, W. and Muller, B. and Rafelski, J.",
title = "{Quantum electrodynamics of strong fields}",
doi = "10.1007/978-3-642-82272-8",
publisher = "Springer Berlin, Heidelberg",
year = "2012",
note = "[orig. pub. 1985]"
}
@article{Dunne:2014qda,
author = "Dunne, G. V.",
title = "{Extreme quantum field theory and particle physics with IZEST}",
doi = "10.1140/epjst/e2014-02156-4",
journal = "Eur. Phys. J. ST",
volume = "223",
number = "6",
pages = "1055--1061",
year = "2014"
}
@article{Hegelich:2014tda,
author = "Hegelich, B. M. and Mourou, G. and Rafelski, J.",
title = "{Probing the quantum vacuum with ultra intense laser pulses}",
eprint = "1412.8234",
archivePrefix = "arXiv",
primaryClass = "physics.optics",
doi = "10.1140/epjst/e2014-02160-8",
journal = "Eur. Phys. J. ST",
volume = "223",
number = "6",
pages = "1093--1104",
year = "2014"
}
@article{Delgado-Acosta:2010ita,
author = "Delgado-Acosta, E. G. and Napsuciale, M. and Rodriguez, S.",
title = "{Second order formalism for spin 1/2 fermions and Compton scattering}",
eprint = "1012.4130",
archivePrefix = "arXiv",
primaryClass = "hep-ph",
doi = "10.1103/PhysRevD.83.073001",
journal = "Phys. Rev. D",
volume = "83",
pages = "073001",
year = "2011"
}
@book{greiner2012quantum,
title={Quantum mechanics: symmetries},
author={Greiner, W. and M{\"u}ller, B.},
year={2012},
doi="10.1007/978-3-642-57976-9",
publisher={Springer Science \& Business Media},
note="[orig. pub. 1984]"
}
@book{greiner2006qcd,
title={Quantum chromodynamics},
author={Greiner, W. and Schramm, S. and Stein, E.},
year={2006},
doi="10.1007/978-3-540-48535-3",
publisher={Springer Berlin, Heidelberg},
note="[orig. pub. 1989]"
}
@article{BuarqueFranzosi:2015jrv,
author = "Buarque Franzosi, D. and Zhang, C.",
title = "{Probing the top-quark chromomagnetic dipole moment at next-to-leading order in QCD}",
eprint = "1503.08841",
archivePrefix = "arXiv",
primaryClass = "hep-ph",
doi = "10.1103/PhysRevD.91.114010",
journal = "Phys. Rev. D",
volume = "91",
number = "11",
pages = "114010",
year = "2015"
}
@article{Labun:2012fg,
author = "Labun, L. and Rafelski, J.",
title = "{Top anomalous magnetic moment and the two photon decay of Higgs boson}",
eprint = "1209.1046",
archivePrefix = "arXiv",
primaryClass = "hep-ph",
reportNumber = "CERN-PH-TH-2012-237",
doi = "10.1103/PhysRevD.88.071301",
journal = "Phys. Rev. D",
volume = "88",
pages = "071301",
year = "2013"
}
@article{Zhang:2010dr,
author = "Zhang, C. and Willenbrock, S.",
title = "{Effective-Field-Theory Approach to Top-Quark Production and Decay}",
eprint = "1008.3869",
archivePrefix = "arXiv",
primaryClass = "hep-ph",
doi = "10.1103/PhysRevD.83.034006",
journal = "Phys. Rev. D",
volume = "83",
pages = "034006",
year = "2011"
}
@phdthesis{Zhang:2012muc,
author = "Zhang, C.",
title = "{Effective field theory for top quark physics}",
school = "Illinois U., Urbana",
note = "URN/HDL: \href{http://hdl.handle.net/2142/29627}{2142/29627}",
year = "2012"
}
@article{Vryonidou:2018eyv,
author = "Vryonidou, E. and Zhang, C.",
title = "{Dimension-six electroweak top-loop effects in Higgs production and decay}",
eprint = "1804.09766",
archivePrefix = "arXiv",
primaryClass = "hep-ph",
reportNumber = "CERN-TH-2018-097",
doi = "10.1007/JHEP08(2018)036",
journal = "JHEP",
volume = "08",
pages = "036",
year = "2018"
}
@article{Foldy:1949wa,
author = "Foldy, L. L. and Wouthuysen, S. A.",
title = "{On the Dirac theory of spin 1/2 particle and its nonrelativistic limit}",
doi = "10.1103/PhysRev.78.29",
journal = "Phys. Rev.",
volume = "78",
pages = "29--36",
year = "1950"
}
@article{Labun:2012ra,
author = "Labun, L. and Rafelski, J.",
title = "{Higgs two-gluon decay and the top-quark chromomagnetic moment}",
eprint = "1210.3150",
archivePrefix = "arXiv",
journal = "arXiv preprint",
doi = "10.48550/arXiv.1210.3150",
primaryClass = "hep-ph",
reportNumber = "CERN-PH-TH-2012-265",
month = "10",
year = "2012"
}
@article{Choudhury:2014lna,
author = "Choudhury, I. D. and Lahiri, A.",
title = "{Anomalous chromomagnetic moment of quarks}",
eprint = "1409.0073",
archivePrefix = "arXiv",
primaryClass = "hep-ph",
doi = "10.1142/S0217732315501138",
journal = "Mod. Phys. Lett. A",
volume = "30",
number = "23",
pages = "1550113",
year = "2015"
}
@article{Holstein:2013kia,
author = "Holstein, B. R. and Scherer, S.",
title = "{Hadron Polarizabilities}",
eprint = "1401.0140",
archivePrefix = "arXiv",
primaryClass = "hep-ph",
reportNumber = "MITP-13-086",
doi = "10.1146/annurev-nucl-102313-025555",
journal = "Ann. Rev. Nucl. Part. Sci.",
volume = "64",
pages = "51--81",
year = "2014"
}
@article{Gonoskov:2021hwf,
author = "Gonoskov, A. and Blackburn, T. G. and Marklund, M. and Bulanov, S. S.",
title = "{Charged particle motion and radiation in strong electromagnetic fields}",
eprint = "2107.02161",
archivePrefix = "arXiv",
primaryClass = "physics.plasm-ph",
doi = "10.1103/RevModPhys.94.045001",
journal = "Rev. Mod. Phys.",
volume = "94",
number = "4",
pages = "045001",
year = "2022"
}
@article{Fedotov:2022ely,
author = "Fedotov, A. and Ilderton, A. and Karbstein, F. and King, B. and Seipt, D. and Taya, H. and Torgrimsson, G.",
title = "{Advances in QED with intense background fields}",
eprint = "2203.00019",
archivePrefix = "arXiv",
primaryClass = "hep-ph",
reportNumber = "RIKEN-iTHEMS-Report-22",
doi = "10.1016/j.physrep.2023.01.003",
journal = "Phys. Rept.",
volume = "1010",
pages = "1--138",
year = "2023"
}
@article{Bruce:2021fph,
author = "Bruce, Stanley A.",
title = "{Model of electromagnetic interactions with spin-1/2 neutral particles}",
doi = "10.1142/S0217732321502369",
journal = "Mod. Phys. Lett. A",
volume = "36",
number = "33",
pages = "2150236",
year = "2021"
}
@article{Bruce:2021cva,
author = "Bruce, Stanley A.",
title = "{Neutron interactions with electromagnetic fields and single-neutron solitons}",
doi = "10.1142/S0217751X21501852",
journal = "Int. J. Mod. Phys. A",
volume = "36",
number = "26",
pages = "2150185",
year = "2021"
}
@article{Bruce:2020xer,
author = "Bruce, S. A. and Diaz-Valdes, J. F.",
title = "{Relativistic neutron interaction with electric fields revisited}",
doi = "10.1140/epja/s10050-020-00196-8",
journal = "Eur. Phys. J. A",
volume = "56",
number = "7",
pages = "191",
year = "2020"
}
@article{Grayson:2022asf,
author = "Grayson, Christopher and Formanek, Martin and Rafelski, Johann and Mueller, Berndt",
title = "{Dynamic magnetic response of the quark-gluon plasma to electromagnetic fields}",
eprint = "2204.14186",
archivePrefix = "arXiv",
primaryClass = "hep-ph",
doi = "10.1103/PhysRevD.106.014011",
journal = "Phys. Rev. D",
volume = "106",
number = "1",
pages = "014011",
year = "2022"
}