@book{schwartz2014quantum,
  title={Quantum field theory and the standard model},
  author={Schwartz, M. D.},
  year={2014},
  publisher={Cambridge University Press}
}

@article{shrock1980new,
  title={New tests for and bounds on neutrino masses and lepton mixing},
  author={Shrock, R. E.},
  journal={Physics Letters B},
  volume={96},
  number={1-2},
  pages={159--164},
  year={1980},
  publisher={Elsevier}
}

@article{abi2021prospects,
  title={Prospects for beyond the Standard Model physics searches at the Deep Underground Neutrino Experiment: DUNE Collaboration},
  author={Abi, B. and Acciarri, R. and Acero, M. A. and Adamov, G. and Adams, D. and Adinolfi, M. and Ahmad, Z. and Ahmed, J. and Alion, T. and Monsalve, S. A. and others},
  journal={The European Physical Journal C},
  volume={81},
  pages={1--51},
  year={2021},
  publisher={Springer}
}

@article{canas2016updating,
  title={Updating neutrino magnetic moment constraints},
  author={Ca{\~n}as, B. C. and Miranda, O. G. and Parada, A. and Tortola, M. and Valle, J.},
  journal={Physics Letters B},
  volume={753},
  pages={191--198},
  year={2016},
  publisher={Elsevier}
}

@article{sierra2022neutrino,
  title={Neutrino magnetic and electric dipole moments: From measurements to parameter space},
  author={Sierra, D. A. and Miranda, O. G. and Papoulias, D. K. and Garcia, G. S.},
  journal={Physical Review D},
  volume={105},
  number={3},
  pages={035027},
  year={2022},
  publisher={APS}
}

@article{giunti2015neutrino,
  title={Neutrino electromagnetic interactions: a window to new physics},
  author={Giunti, C. and Studenikin, A.},
  journal={Reviews of Modern Physics},
  volume={87},
  number={2},
  pages={531},
  year={2015},
  publisher={APS}
}

@article{lindner2017revisiting,
  title={Revisiting large neutrino magnetic moments},
  author={Lindner, M. and Radov{\v{c}}i{\'c}, B. and Welter, J.},
  journal={Journal of High Energy Physics},
  volume={2017},
  number={7},
  pages={1--15},
  year={2017},
  publisher={Springer}
}

@article{brdar2021neutrino,
  title={The neutrino magnetic moment portal: cosmology, astrophysics, and direct detection},
  author={Brdar, V. and Greljo, A. and Kopp, J. and Opferkuch, T.},
  journal={Journal of Cosmology and Astroparticle Physics},
  volume={2021},
  number={01},
  pages={039},
  year={2021},
  publisher={IOP Publishing}
}

@article{alexander2016status,
  title={Status and perspectives of neutrino magnetic moments},
  author={Studenikin, A.},
  journal={Journal of Physics: Conference Series},
  volume={718},
  number={6},
  pages={062076},
  year={2016},
  organization={IOP Publishing}
}

@article{wolfenstein1978oscillations,
  title={Oscillations among three neutrino types and CP violation},
  author={Wolfenstein, L.},
  journal={Physical Review D},
  volume={18},
  number={3},
  pages={958},
  year={1978},
  publisher={APS}
}

@article{xing2001commutators,
  title={Commutators of lepton mass matrices, CP violation, and matter effects in medium-baseline neutrino experiments},
  author={Xing, Z.},
  journal={Physical Review D},
  volume={63},
  number={7},
  pages={073012},
  year={2001},
  publisher={APS}
}

@book{giunti2007fundamentals,
  title={Fundamentals of neutrino physics and astrophysics},
  author={Giunti, C. and Kim, C. W.},
  year={2007},
  publisher={Oxford university press}
}

@article{huber2022snowmass,
  title={Snowmass neutrino frontier report},
  author={Huber, P. and Scholberg, K. and Worcester, E. and Asaadi, J. and Balantekin, A. and Bowden, N. and Coloma, P. and Denton, P. B. and de Gouv{\^e}a, A. and Fields, L. and others},
  journal={arXiv preprint arXiv:2211.08641},
  year={2022}
}

@article{balaji2020cpa,
  title={CP violation and circular polarisation in neutrino radiative decay},
  author={Balaji, S. and Ramirez-Quezada, M. and Zhou, Y. L.},
  journal={Journal of High Energy Physics},
  volume={2020},
  number={4},
  pages={1--28},
  year={2020},
  publisher={Springer}
}

@article{balaji2020cpb,
  title={CP violation in neutral lepton transition dipole moment},
  author={Balaji, S. and Ramirez-Quezada, M. and Zhou, Y. L.},
  journal={Journal of High Energy Physics},
  volume={2020},
  number={12},
  pages={1--17},
  year={2020},
  publisher={Springer}
}

@article{pehlivan2014neutrino,
  title={Neutrino magnetic moment, C P violation, and flavor oscillations in matter},
  author={Pehlivan, Y. and Balantekin, A. B. and Kajino, T.},
  journal={Physical Review D},
  volume={90},
  number={6},
  pages={065011},
  year={2014},
  publisher={APS}
}

@article{jarlskog1985commutator,
    author = "Jarlskog, C.",
    title = "{Commutator of the Quark Mass Matrices in the Standard Electroweak Model and a Measure of Maximal $CP$~Nonconservation}",
    reportNumber = "USIP-85-14",
    doi = "10.1103/PhysRevLett.55.1039",
    journal = "Phys. Rev. Lett.",
    volume = "55",
    pages = "1039",
    year = "1985"
}

@article{jarlskog1985basis,
    author = "Jarlskog, C.",
    title = "{A Basis Independent Formulation of the Connection Between Quark Mass Matrices, CP Violation and Experiment}",
    reportNumber = "CERN-TH-4242/85",
    doi = "10.1007/BF01565198",
    journal = "Z. Phys. C",
    volume = "29",
    pages = "491--497",
    year = "1985"
}

@article{jarlskog2005invariants,
  title={Invariants of lepton mass matrices and \uppercase{CP} and \uppercase{T} violation in neutrino oscillations},
  author={Jarlskog, C.},
  journal={Physics Letters B},
  volume={609},
  number={3-4},
  pages={323--329},
  year={2005},
  publisher={Elsevier}
}

@article{athar2022status,
  title={Status and perspectives of neutrino physics},
  author={Athar, M. S. and Barwick, S. W. and Brunner, T. and Cao, J. and Danilov, M. and Inoue, K. and Kajita, T. and Kowalski, M. and Lindner, Ma. and Long, K. R. and others},
  journal={Progress in Particle and Nuclear Physics},
  volume={124},
  pages={103947},
  year={2022},
  publisher={Elsevier}
}

@article{masud2016probing,
  title={Probing the \uppercase{CP} violation signal at \uppercase{DUNE} in the presence of non-standard neutrino interactions},
  author={Masud, M. and Chatterjee, A. and Mehta, P.},
  journal={Journal of Physics G: Nuclear and Particle Physics},
  volume={43},
  number={9},
  pages={095005},
  year={2016},
  publisher={IOP Publishing}
}

@article{abi2020long,
  title={Long-baseline neutrino oscillation physics potential of the DUNE experiment},
  author={Abi, B. and Acciarri, R. and Acero, M. A. and Adamov, G. and Adams, D. and Adinolfi, M. and Ahmad, Z. and Ahmed, J. and Alion, T. and Monsalve, S. A. and others},
  journal={The European Physical Journal C},
  volume={80},
  number={10},
  pages={1--34},
  year={2020},
  publisher={Springer}
}

@article{lichkunov2019neutrino,
  title={Neutrino eigenstates and oscillations in a magnetic field},
  author={Lichkunov, A. and Popov, A. and Studenikin, A.},
  journal={PoS EPS-HEP},
  volume={415},
  year={2019}
}

@article{abi2021supernova,
  title={Supernova neutrino burst detection with the deep underground neutrino experiment: DUNE Collaboration},
  author={Abi, B. and Acciarri, R. and Acero, M. A. and Adamov, G. and Adams, D. and Adinolfi, M. and Ahmad, Z. and Ahmed, J. and Alion, T. and Monsalve, S. A. and others},
  journal={The European Physical Journal C},
  volume={81},
  number={5},
  pages={423},
  year={2021},
  publisher={Springer}
}

@article{akhmedov2007charged,
  title={Do charged leptons oscillate?},
  author={Akhmedov, E.},
  journal={Journal of High Energy Physics},
  volume={2007},
  number={09},
  pages={116},
  year={2007},
  publisher={IOP Publishing}
}

@article{harrison2000cp,
  title={\uppercase{CP} and \uppercase{T} violation in neutrino oscillations and invariance of Jarlskog's determinant to matter effects},
  author={Harrison, P. F. and Scott, W. G.},
  journal={Physics Letters B},
  volume={476},
  number={3-4},
  pages={349--355},
  year={2000},
  publisher={Elsevier}
}

@article{rafelski2023short,
    author = "Rafelski, J. and Birrell, J. and Steinmetz, A. and Yang, C. T.",
    title = "{A short survey of matter-antimatter evolution in the primordial universe}",
    eprint = "2305.09055",
    archivePrefix = "arXiv",
    primaryClass = "hep-th",
    doi = "10.3390/universe9070309",
    journal = "Universe",
    volume = "9",
    pages = "309",
    year = "2023"
}

@article{steinmetz2018magnetic,
    author = "Steinmetz, A. and Formanek, M. and Rafelski, J.",
    title = "{Magnetic Dipole Moment in Relativistic Quantum Mechanics}",
    eprint = "1811.06233",
    archivePrefix = "arXiv",
    primaryClass = "hep-ph",
    doi = "10.1140/epja/i2019-12715-5",
    journal = "Eur. Phys. J. A",
    volume = "55",
    number = "3",
    pages = "40",
    year = "2019"
}

@book{itzykson2012quantum,
  title={Quantum field theory},
  author={Itzykson, C. and Zuber, J. B},
  year={2012},
  publisher={Courier Corporation}
}

@article{mikheev1985resonance,
  title={Resonance amplification of oscillations in matter and spectroscopy of solar neutrinos},
  author={Mikheev, S. P. and Smirnov, A. Y.},
  journal={Yadernaya Fizika},
  volume={42},
  number={6},
  pages={1441--1448},
  year={1985}
}

@article{bethe1986possible,
  title = {Possible Explanation of the Solar-Neutrino Puzzle},
  author = {Bethe, H. A.},
  journal = {Phys. Rev. Lett.},
  volume = {56},
  issue = {12},
  pages = {1305--1308},
  numpages = {0},
  year = {1986},
  month = {Mar},
  publisher = {American Physical Society},
  doi = {10.1103/PhysRevLett.56.1305},
}

@book{greiner2009gauge,
  title={Gauge theory of weak interactions},
  author={Greiner, W. and M{\"u}ller, B.},
  year={2009},
  publisher={Springer},
  doi={10.1007/978-3-540-87843-8}
}













@article{kuo1989neutrino,
  title={Neutrino oscillations in matter},
  author={Kuo, T. and Pantaleone, J.},
  journal={Reviews of Modern Physics},
  volume={61},
  number={4},
  pages={937},
  year={1989},
  publisher={APS}
}
% Seesaw effect, neutrino mixing

@article{ohlsson2000three,
  title={Three flavor neutrino oscillations in matter},
  author={Ohlsson, T. and Snellman, H.},
  journal={Journal of Mathematical Physics},
  volume={41},
  number={5},
  pages={2768--2788},
  year={2000},
  publisher={American Institute of Physics}
}

@inproceedings{ohlsson2009non,
  title={Non-Standard Neutrino Interactions},
  author={Ohlsson, T.},
  booktitle={AIP Conference Proceedings},
  volume={1189},
  number={1},
  pages={16--23},
  year={2009},
  organization={American Institute of Physics}
}

@inproceedings{winter2015neutrino,
  title={Neutrino mass hierarchy: theory and phenomenology},
  author={Winter, W.},
  booktitle={AIP Conference Proceedings},
  volume={1666},
  number={1},
  pages={120001},
  year={2015},
  organization={AIP Publishing LLC}
}

@article{denton2020neutrino,
  title={Neutrino oscillations in matter via eigenvalues},
  author={Denton, P. B. and Parke, S. J. and Zhang, X.},
  journal={Physical Review D},
  volume={101},
  number={9},
  pages={093001},
  year={2020},
  publisher={APS}
}

@article{xing2020flavor,
  title={Flavor structures of charged fermions and massive neutrinos},
  author={Xing, Z.},
  journal={Physics Reports},
  volume={854},
  pages={1--147},
  year={2020},
  publisher={Elsevier}
}

@article{wolfenstein1983parametrization,
  title={Parametrization of the Kobayashi-Maskawa matrix},
  author={Wolfenstein, L.},
  journal={Physical Review Letters},
  volume={51},
  number={21},
  pages={1945},
  year={1983},
  publisher={APS}
}

@article{wolfenstein1978neutrino,
  title = {Neutrino oscillations in matter},
  author = {Wolfenstein, L.},
  journal = {Phys. Rev. D},
  volume = {17},
  issue = {9},
  pages = {2369--2374},
  numpages = {0},
  year = {1978},
  month = {May},
  publisher = {American Physical Society},
  doi = {10.1103/PhysRevD.17.2369}
}
