@article{Rafelski:2023aaa,
author = "Rafelski, J. and Steinmetz, A. and Yang, C. T.",
title = "{Dynamic neutrino flavor mixing through transition magnetic moments}",
journal = "arXiv preprint",
eprint = "XXXX.XXXXX",
archivePrefix = "arXiv",
primaryClass = "hep-ph",
month = "9",
doi = "10.48550/arXiv.XXXX.XXXXX",
note="[submitted to Int. Journal of Mod. Phys. A]",
year = "2023"
}
@article{Bouchiat:1974kt,
author = "Bouchiat, M. A. and Bouchiat, C. C.",
title = "{Weak Neutral Currents in Atomic Physics}",
doi = "10.1016/0370-2693(74)90656-X",
journal = "Phys. Lett. B",
volume = "48",
pages = "111--114",
year = "1974"
}
@article{Bouchiat:1997mj,
author = "Bouchiat, M. A. and Bouchiat, C. C.",
title = "{Parity violation in atoms}",
doi = "10.1088/0034-4885/60/11/004",
journal = "Rept. Prog. Phys.",
volume = "60",
pages = "1351--1396",
year = "1997"
}
@article{Safronova:2017xyt,
author = "Safronova, M. S. and Budker, D. and DeMille, D. and Kimball, Derek F. Jackson and Derevianko, A. and Clark, C. W.",
title = "{Search for New Physics with Atoms and Molecules}",
eprint = "1710.01833",
archivePrefix = "arXiv",
primaryClass = "physics.atom-ph",
doi = "10.1103/RevModPhys.90.025008",
journal = "Rev. Mod. Phys.",
volume = "90",
number = "2",
pages = "025008",
year = "2018"
}
@article{Elizalde:2004mw,
author = "Elizalde, E. and Ferrer, E. J. and de la Incera, V.",
title = "{Neutrino propagation in a strongly magnetized medium}",
archivePrefix = "arXiv",
doi = "10.1103/PhysRevD.70.043012",
journal = "Phys. Rev. D",
volume = "70",
pages = "043012",
year = "2004"
}
@article{Grasso:2000wj,
author = "Grasso, D. and Rubinstein, H. R.",
title = "{Magnetic fields in the early universe}",
archivePrefix = "arXiv",
reportNumber = "DFPD-00-TH-35",
doi = "10.1016/S0370-1573(00)00110-1",
journal = "Phys. Rept.",
volume = "348",
pages = "163--266",
year = "2001"
}
@article{Fritzsch:1998xs,
author = "Fritzsch, H. and Xing, Z. Z.",
title = "{Large leptonic flavor mixing and the mass spectrum of leptons}",
archivePrefix = "arXiv",
reportNumber = "LMU-98-08",
doi = "10.1016/S0370-2693(98)01106-X",
journal = "Phys. Lett. B",
volume = "440",
pages = "313--318",
year = "1998"
}
@article{Fritzsch:1995dj,
author = "Fritzsch, H. and Xing, Z. Z.",
title = "{Lepton mass hierarchy and neutrino oscillations}",
archivePrefix = "arXiv",
reportNumber = "MPI-PHT-95-91",
doi = "10.1016/0370-2693(96)00107-4",
journal = "Phys. Lett. B",
volume = "372",
pages = "265--270",
year = "1996"
}
@article{Fritzsch:1999ee,
author = "Fritzsch, H. and Xing, Z. Z.",
title = "{Mass and flavor mixing schemes of quarks and leptons}",
archivePrefix = "arXiv",
reportNumber = "LMU-99-16",
doi = "10.1016/S0146-6410(00)00102-2",
journal = "Prog. Part. Nucl. Phys.",
volume = "45",
pages = "1--81",
year = "2000"
}
@book{Schwartz:2014sze,
place={Cambridge},
title={Quantum Field Theory and the Standard Model},
DOI={10.1017/9781139540940},
publisher={Cambridge University Press},
author={Schwartz, M. D.},
year={2014}
}
@article{Shrock:1980vy,
author = "Shrock, R. E.",
title = "{New Tests For, and Bounds On, Neutrino Masses and Lepton Mixing}",
reportNumber = "ITP-SB-80-23",
doi = "10.1016/0370-2693(80)90235-X",
journal = "Phys. Lett. B",
volume = "96",
pages = "159--164",
year = "1980"
}
@unpublished{Steinmetz:2023nsc,
author = "Steinmetz, A. and Yang, C. T. and Rafelski, J.",
title = "{Matter-antimatter origin of cosmic magnetism}",
archivePrefix = "arXiv",
eprint = "2308.14818",
doi = "10.48550/arXiv.2308.14818",
primaryClass = "hep-ph",
year = "2023",
note = "[submitted to PRD]"
}
@article{DUNE:2020fgq,
author = "Abi, B. and others",
collaboration = "DUNE",
title = "{Prospects for beyond the Standard Model physics searches at the Deep Underground Neutrino Experiment}",
archivePrefix = "arXiv",
primaryClass = "hep-ex",
reportNumber = "FERMILAB-PUB-20-459-LBNF-ND, FERMILAB-PUB-20-459-LBNF-ND",
doi = "10.1140/epjc/s10052-021-09007-w",
journal = "Eur. Phys. J. C",
volume = "81",
number = "4",
pages = "322",
year = "2021"
}
@article{Canas:2015yoa,
author = "Canas, B. C. and Miranda, O. G. and Parada, A. and Tortola, M. and Valle, J. W. F.",
title = "{Updating neutrino magnetic moment constraints}",
archivePrefix = "arXiv",
primaryClass = "hep-ph",
reportNumber = "IFIC-15-XX",
doi = "10.1016/j.physletb.2015.12.011",
journal = "Phys. Lett. B",
volume = "753",
pages = "191--198",
year = "2016",
note = "[Addendum: Phys.Lett.B 757, 568--568 (2016)]"
}
@article{AristizabalSierra:2021fuc,
author = "Aristizabal Sierra, D. and Miranda, O. G. and Papoulias, D. K. and Garcia, G. S.",
title = "{Neutrino magnetic and electric dipole moments: From measurements to parameter space}",
archivePrefix = "arXiv",
primaryClass = "hep-ph",
doi = "10.1103/PhysRevD.105.035027",
journal = "Phys. Rev. D",
volume = "105",
number = "3",
pages = "035027",
year = "2022"
}
@article{KATRIN:2021uub,
author = "Aker, M. and others",
collaboration = "KATRIN",
title = "{Direct neutrino-mass measurement with sub-electronvolt sensitivity}",
archivePrefix = "arXiv",
primaryClass = "hep-ex",
doi = "10.1038/s41567-021-01463-1",
journal = "Nature Phys.",
volume = "18",
number = "2",
pages = "160--166",
year = "2022"
}
@article{ParticleDataGroup:2022pth,
author = "Workman, R. L. and others",
collaboration = "Particle Data Group",
title = "{Review of Particle Physics}",
doi = "10.1093/ptep/ptac097",
journal = "PTEP",
volume = "2022",
pages = "083C01",
year = "2022"
}
@article{Planck:2018vyg,
author = "Aghanim, N. and others",
collaboration = "Planck",
title = "{Planck 2018 results. VI. Cosmological parameters}",
archivePrefix = "arXiv",
primaryClass = "astro-ph.CO",
doi = "10.1051/0004-6361/201833910",
journal = "Astron. Astrophys.",
volume = "641",
pages = "A6",
year = "2020",
note = "[Erratum: Astron.Astrophys. 652, C4 (2021)]"
}
@article{Rafelski:2023emw,
author = "Rafelski, J. and Birrell, J. and Steinmetz, A. and Yang, C. T.",
title = "{A Short Survey of Matter-Antimatter Evolution in the Primordial Universe}",
archivePrefix = "arXiv",
primaryClass = "hep-th",
doi = "10.3390/universe9070309",
journal = "Universe",
volume = "9",
number = "7",
pages = "309",
year = "2023"
}
@article{Studenikin:2016ykv,
author = "Studenikin, A.",
title = "{Status and perspectives of neutrino magnetic moments}",
archivePrefix = "arXiv",
primaryClass = "hep-ph",
doi = "10.1088/1742-6596/718/6/062076",
journal = "J. Phys. Conf. Ser.",
volume = "718",
number = "6",
pages = "062076",
year = "2016"
}
@article{Giunti:2014ixa,
author = "Giunti, C. and Studenikin, A.",
title = "{Neutrino electromagnetic interactions: a window to new physics}",
archivePrefix = "arXiv",
primaryClass = "hep-ph",
doi = "10.1103/RevModPhys.87.531",
journal = "Rev. Mod. Phys.",
volume = "87",
pages = "531",
year = "2015"
}
@article{Lindner:2017uvt,
author = "Lindner, M. and Radov\v{c}i\'c, B. and Welter, J.",
title = "{Revisiting Large Neutrino Magnetic Moments}",
archivePrefix = "arXiv",
primaryClass = "hep-ph",
doi = "10.1007/JHEP07(2017)139",
journal = "JHEP",
volume = "07",
pages = "139",
year = "2017"
}
@article{Brdar:2020quo,
author = "Brdar, V. and Greljo, A. and Kopp, J. and Opferkuch, T.",
title = "{The Neutrino Magnetic Moment Portal: Cosmology, Astrophysics, and Direct Detection}",
archivePrefix = "arXiv",
primaryClass = "hep-ph",
reportNumber = "CERN-TH-2020-130, MITP/20-041",
doi = "10.1088/1475-7516/2021/01/039",
journal = "JCAP",
volume = "01",
pages = "039",
year = "2021"
}
@article{Xing:2000ik,
author = "Xing, Z. Z.",
title = "{Commutators of lepton mass matrices, CP violation, and matter effects in-medium baseline neutrino experiments}",
archivePrefix = "arXiv",
reportNumber = "LMU-00-14",
doi = "10.1103/PhysRevD.63.073012",
journal = "Phys. Rev. D",
volume = "63",
pages = "073012",
year = "2001"
}
@book{giunti2007fundamentals,
title={Fundamentals of neutrino physics and astrophysics},
author={Giunti, C. and Kim, C. W.},
year={2007},
publisher={Oxford university press}
}
@inproceedings{Huber:2022lpm,
author = "Huber, P. and others",
title = "{Snowmass Neutrino Frontier Report}",
booktitle = "{Snowmass 2021}",
archivePrefix = "arXiv",
primaryClass = "hep-ex",
reportNumber = "FERMILAB-FN-1215-ND-PPD-SCD",
month = "11",
year = "2022"
}
@article{Balaji:2020oig,
author = "Balaji, S. and Ramirez-Quezada, M. and Zhou, Y. L.",
title = "{CP violation in neutral lepton transition dipole moment}",
archivePrefix = "arXiv",
primaryClass = "hep-ph",
reportNumber = "IPPP/20/38",
doi = "10.1007/JHEP12(2020)090",
journal = "JHEP",
volume = "12",
pages = "090",
year = "2020"
}
@article{Pehlivan:2014zua,
author = "Pehlivan, Y. and Balantekin, A. B. and Kajino, T.",
title = "{Neutrino Magnetic Moment, CP Violation and Flavor Oscillations in Matter}",
archivePrefix = "arXiv",
primaryClass = "hep-ph",
doi = "10.1103/PhysRevD.90.065011",
journal = "Phys. Rev. D",
volume = "90",
number = "6",
pages = "065011",
year = "2014"
}
@article{SajjadAthar:2021prg,
author = "Sajjad Athar, M. and others",
title = "{Status and perspectives of neutrino physics}",
archivePrefix = "arXiv",
primaryClass = "hep-ph",
reportNumber = "FERMILAB-PUB-21-621-ND",
doi = "10.1016/j.ppnp.2022.103947",
journal = "Prog. Part. Nucl. Phys.",
volume = "124",
pages = "103947",
year = "2022"
}
@article{Masud:2015xva,
author = "Masud, M. and Chatterjee, A. and Mehta, P.",
title = "{Probing CP violation signal at DUNE in presence of non-standard neutrino interactions}",
archivePrefix = "arXiv",
primaryClass = "hep-ph",
doi = "10.1088/0954-3899/43/9/095005/meta",
journal = "J. Phys. G",
volume = "43",
number = "9",
pages = "095005",
year = "2016"
}
@article{DUNE:2022aul,
author = "Abed Abud, A. and others",
collaboration = "DUNE",
title = "{Snowmass Neutrino Frontier: DUNE Physics Summary}",
archivePrefix = "arXiv",
primaryClass = "hep-ex",
reportNumber = "FERMILAB-FN-1168-LBNF",
month = "3",
year = "2022"
}
@article{Chukhnova:2019oum,
author = "Chukhnova, A. V. and Lobanov, A. E.",
title = "{Neutrino flavor oscillations and spin rotation in matter and electromagnetic field}",
archivePrefix = "arXiv",
primaryClass = "hep-ph",
doi = "10.1103/PhysRevD.101.013003",
journal = "Phys. Rev. D",
volume = "101",
number = "1",
pages = "013003",
year = "2020"
}
@article{Popov:2019nkr,
author = "Popov, A. and Studenikin, A.",
title = "{Neutrino eigenstates and flavour, spin and spin-flavour oscillations in a constant magnetic field}",
archivePrefix = "arXiv",
primaryClass = "hep-ph",
doi = "10.1140/epjc/s10052-019-6657-z",
journal = "Eur. Phys. J. C",
volume = "79",
number = "2",
pages = "144",
year = "2019"
}
@article{Mikheyev:1985zog,
author = "Mikheyev, S. P. and Smirnov, A. Yu.",
title = "{Resonance Amplification of Oscillations in Matter and Spectroscopy of Solar Neutrinos}",
journal = "Sov. J. Nucl. Phys.",
volume = "42",
pages = "913--917",
year = "1985"
}
@article{Bethe:1986ej,
author = "Bethe, H. A.",
title = "{A Possible Explanation of the Solar Neutrino Puzzle}",
reportNumber = "NSF-ITP-86-10",
doi = "10.1103/PhysRevLett.56.1305",
journal = "Phys. Rev. Lett.",
volume = "56",
pages = "1305",
year = "1986"
}
@book{greiner2009gauge,
title={Gauge theory of weak interactions},
author={Greiner, W. and M{\"u}ller, B.},
year={2009},
publisher={Springer},
doi={10.1007/978-3-540-87843-8}
}
@article{Shrock:1982sc,
author = "Shrock, Robert E.",
title = "{Electromagnetic Properties and Decays of Dirac and Majorana Neutrinos in a General Class of Gauge Theories}",
reportNumber = "ITP-SB-82-2",
doi = "10.1016/0550-3213(82)90273-5",
journal = "Nucl. Phys. B",
volume = "206",
pages = "359--379",
year = "1982"
}
@article{Ohlsson:2012kf,
author = "Ohlsson, T.",
title = "{Status of non-standard neutrino interactions}",
archivePrefix = "arXiv",
primaryClass = "hep-ph",
doi = "10.1088/0034-4885/76/4/044201",
journal = "Rept. Prog. Phys.",
volume = "76",
pages = "044201",
year = "2013"
}
@book{Ohlsson:2011zz,
author = "Ohlsson, T.",
title = "{Relativistic quantum physics: From advanced quantum mechanics to introductory quantum field theory}",
isbn = "978-1-139-21072-0, 978-0-521-76726-2",
publisher = "Cambridge University Press",
month = "2",
year = "2012"
}
@article{Adhikary:2013bma,
author = "Adhikary, B. and Chakraborty, M. and Ghosal, A.",
title = "{Masses, mixing angles and phases of general Majorana neutrino mass matrix}",
archivePrefix = "arXiv",
primaryClass = "hep-ph",
reportNumber = "SINP-APC-2013-03",
doi = "10.1007/JHEP10(2013)043",
journal = "JHEP",
volume = "10",
pages = "043",
year = "2013",
note = "[Erratum: JHEP 09, 180 (2014)]"
}
@article{Wolfenstein:1983yz,
author = "Wolfenstein, L.",
title = "{Parametrization of the Kobayashi-Maskawa Matrix}",
reportNumber = "CMU-HEG83-9",
doi = "10.1103/PhysRevLett.51.1945",
journal = "Phys. Rev. Lett.",
volume = "51",
pages = "1945",
year = "1983"
}
@inproceedings{Smirnov:2003da,
author = "Smirnov, A. Yu.",
title = "{The MSW effect and solar neutrinos}",
booktitle = "{10th International Workshop on Neutrino Telescopes}",
archivePrefix = "arXiv",
pages = "23--43",
month = "5",
year = "2003"
}
@article{Wolfenstein:1977ue,
author = "Wolfenstein, L.",
title = "{Neutrino Oscillations in Matter}",
reportNumber = "COO-3066-102",
doi = "10.1103/PhysRevD.17.2369",
journal = "Phys. Rev. D",
volume = "17",
pages = "2369--2374",
year = "1978"
}
@article{Fujikawa:1980yx,
author = "Fujikawa, K. and Shrock, R.",
title = "{The Magnetic Moment of a Massive Neutrino and Neutrino Spin Rotation}",
reportNumber = "ITP-SB-80-38",
doi = "10.1103/PhysRevLett.45.963",
journal = "Phys. Rev. Lett.",
volume = "45",
pages = "963",
year = "1980"
}
@article{Schechter:1981hw,
author = "Schechter, J. and Valle, J. W. F.",
title = "{Majorana Neutrinos and Magnetic Fields}",
reportNumber = "SU-4217-192, COO-3533-192",
doi = "10.1103/PhysRevD.25.283",
journal = "Phys. Rev. D",
volume = "24",
pages = "1883--1889",
year = "1981",
note = "[Erratum: Phys.Rev.D 25, 283 (1982)]"
}
@article{Kouzakov:2023jtt,
author = "Kouzakov, K. A. and Lazarev, F. M. and Studenikin, A. I.",
title = "{Neutrino Electromagnetic Properties in Elastic Neutrino\textendash{}Proton Scattering}",
doi = "10.1134/S1063778823030122",
journal = "Phys. Atom. Nucl.",
volume = "86",
number = "3",
pages = "257--265",
year = "2023"
}
@article{Giunti:2015gga,
author = "Giunti, C. and Kouzakov, K. A. and Li, Y. F. and Lokhov, A. V. and Studenikin, A. I. and Zhou, S.",
title = "{Electromagnetic neutrinos in laboratory experiments and astrophysics}",
archivePrefix = "arXiv",
primaryClass = "hep-ph",
doi = "10.1002/andp.201500211",
journal = "Annalen Phys.",
volume = "528",
pages = "198--215",
year = "2016"
}
@article{Pal:1991pm,
author = "Pal, Palash B.",
title = "{Particle physics confronts the solar neutrino problem}",
reportNumber = "OITS-470",
doi = "10.1142/S0217751X92002465",
journal = "Int. J. Mod. Phys. A",
volume = "7",
pages = "5387--5460",
year = "1992"
}
@book{arfken2011mathematical,
title={Mathematical methods for physicists: a comprehensive guide},
author={Arfken, G. B. and Weber, H. J. and Harris, F. E.},
year={2011},
publisher={Academic press}
}
@article{Boyarsky:2009ix,
author = "Boyarsky, A. and Ruchayskiy, O. and Shaposhnikov, M.",
title = "{The Role of sterile neutrinos in cosmology and astrophysics}",
archivePrefix = "arXiv",
primaryClass = "hep-ph",
doi = "10.1146/annurev.nucl.010909.083654",
journal = "Ann. Rev. Nucl. Part. Sci.",
volume = "59",
pages = "191--214",
year = "2009"
}
@article{Asaka:2005pn,
author = "Asaka, T. and Shaposhnikov, M.",
title = "{The $\nu$MSM, dark matter and baryon asymmetry of the universe}",
archivePrefix = "arXiv",
doi = "10.1016/j.physletb.2005.06.020",
journal = "Phys. Lett. B",
volume = "620",
pages = "17--26",
year = "2005"
}
@article{shrock1980new,
title={New tests for and bounds on neutrino masses and lepton mixing},
author={Shrock, R. E.},
journal={Physics Letters B},
volume={96},
number={1-2},
pages={159--164},
year={1980},
publisher={Elsevier}
}
@article{abi2021prospects,
title={Prospects for beyond the Standard Model physics searches at the Deep Underground Neutrino Experiment: DUNE Collaboration},
author={Abi, B. and Acciarri, R. and Acero, M. A. and Adamov, G. and Adams, D. and Adinolfi, M. and Ahmad, Z. and Ahmed, J. and Alion, T. and Monsalve, S. A. and others},
journal={The European Physical Journal C},
volume={81},
pages={1--51},
year={2021},
publisher={Springer}
}
@article{canas2016updating,
title={Updating neutrino magnetic moment constraints},
author={Ca{\~n}as, B. C. and Miranda, O. G. and Parada, A. and Tortola, M. and Valle, J.},
journal={Physics Letters B},
volume={753},
pages={191--198},
year={2016},
publisher={Elsevier}
}
@article{sierra2022neutrino,
title={Neutrino magnetic and electric dipole moments: From measurements to parameter space},
author={Sierra, D. A. and Miranda, O. G. and Papoulias, D. K. and Garcia, G. S.},
journal={Physical Review D},
volume={105},
number={3},
pages={035027},
year={2022},
publisher={APS}
}
@article{giunti2015neutrino,
title={Neutrino electromagnetic interactions: a window to new physics},
author={Giunti, C. and Studenikin, A.},
journal={Reviews of Modern Physics},
volume={87},
number={2},
pages={531},
year={2015},
publisher={APS}
}
@article{lindner2017revisiting,
title={Revisiting large neutrino magnetic moments},
author={Lindner, M. and Radov{\v{c}}i{\'c}, B. and Welter, J.},
journal={Journal of High Energy Physics},
volume={2017},
number={7},
pages={1--15},
year={2017},
publisher={Springer}
}
@article{brdar2021neutrino,
title={The neutrino magnetic moment portal: cosmology, astrophysics, and direct detection},
author={Brdar, V. and Greljo, A. and Kopp, J. and Opferkuch, T.},
journal={Journal of Cosmology and Astroparticle Physics},
volume={2021},
number={01},
pages={039},
year={2021},
publisher={IOP Publishing}
}
@article{alexander2016status,
title={Status and perspectives of neutrino magnetic moments},
author={Studenikin, A.},
journal={Journal of Physics: Conference Series},
volume={718},
number={6},
pages={062076},
year={2016},
organization={IOP Publishing}
}
@article{wolfenstein1978oscillations,
title={Oscillations among three neutrino types and CP violation},
author={Wolfenstein, L.},
journal={Physical Review D},
volume={18},
number={3},
pages={958},
year={1978},
publisher={APS}
}
@article{xing2001commutators,
title={Commutators of lepton mass matrices, CP violation, and matter effects in medium-baseline neutrino experiments},
author={Xing, Z.},
journal={Physical Review D},
volume={63},
number={7},
pages={073012},
year={2001},
publisher={APS}
}
@article{huber2022snowmass,
title={Snowmass neutrino frontier report},
author={Huber, P. and Scholberg, K. and Worcester, E. and Asaadi, J. and Balantekin, A. and Bowden, N. and Coloma, P. and Denton, P. B. and de Gouv{\^e}a, A. and Fields, L. and others},
journal={arXiv preprint arXiv:2211.08641},
year={2022}
}
@article{balaji2020cpa,
title={CP violation and circular polarisation in neutrino radiative decay},
author={Balaji, S. and Ramirez-Quezada, M. and Zhou, Y. L.},
journal={Journal of High Energy Physics},
volume={2020},
number={4},
pages={1--28},
year={2020},
publisher={Springer}
}
@article{balaji2020cpb,
title={CP violation in neutral lepton transition dipole moment},
author={Balaji, S. and Ramirez-Quezada, M. and Zhou, Y. L.},
journal={Journal of High Energy Physics},
volume={2020},
number={12},
pages={1--17},
year={2020},
publisher={Springer}
}
@article{pehlivan2014neutrino,
title={Neutrino magnetic moment, C P violation, and flavor oscillations in matter},
author={Pehlivan, Y. and Balantekin, A. B. and Kajino, T.},
journal={Physical Review D},
volume={90},
number={6},
pages={065011},
year={2014},
publisher={APS}
}
@article{jarlskog1985commutator,
author = "Jarlskog, C.",
title = "{Commutator of the Quark Mass Matrices in the Standard Electroweak Model and a Measure of Maximal $CP$~Nonconservation}",
reportNumber = "USIP-85-14",
doi = "10.1103/PhysRevLett.55.1039",
journal = "Phys. Rev. Lett.",
volume = "55",
pages = "1039",
year = "1985"
}
@article{jarlskog1985basis,
author = "Jarlskog, C.",
title = "{A Basis Independent Formulation of the Connection Between Quark Mass Matrices, CP Violation and Experiment}",
reportNumber = "CERN-TH-4242/85",
doi = "10.1007/BF01565198",
journal = "Z. Phys. C",
volume = "29",
pages = "491--497",
year = "1985"
}
@article{jarlskog2005invariants,
title={Invariants of lepton mass matrices and \uppercase{CP} and \uppercase{T} violation in neutrino oscillations},
author={Jarlskog, C.},
journal={Physics Letters B},
volume={609},
number={3-4},
pages={323--329},
year={2005},
publisher={Elsevier}
}
@article{athar2022status,
title={Status and perspectives of neutrino physics},
author={Athar, M. S. and Barwick, S. W. and Brunner, T. and Cao, J. and Danilov, M. and Inoue, K. and Kajita, T. and Kowalski, M. and Lindner, Ma. and Long, K. R. and others},
journal={Progress in Particle and Nuclear Physics},
volume={124},
pages={103947},
year={2022},
publisher={Elsevier}
}
@article{masud2016probing,
title={Probing the \uppercase{CP} violation signal at \uppercase{DUNE} in the presence of non-standard neutrino interactions},
author={Masud, M. and Chatterjee, A. and Mehta, P.},
journal={Journal of Physics G: Nuclear and Particle Physics},
volume={43},
number={9},
pages={095005},
year={2016},
publisher={IOP Publishing}
}
@article{abi2020long,
title={Long-baseline neutrino oscillation physics potential of the DUNE experiment},
author={Abi, B. and Acciarri, R. and Acero, M. A. and Adamov, G. and Adams, D. and Adinolfi, M. and Ahmad, Z. and Ahmed, J. and Alion, T. and Monsalve, S. A. and others},
journal={The European Physical Journal C},
volume={80},
number={10},
pages={1--34},
year={2020},
publisher={Springer}
}
@article{lichkunov2019neutrino,
title={Neutrino eigenstates and oscillations in a magnetic field},
author={Lichkunov, A. and Popov, A. and Studenikin, A.},
journal={PoS EPS-HEP},
volume={415},
year={2019}
}
@article{abi2021supernova,
title={Supernova neutrino burst detection with the deep underground neutrino experiment: DUNE Collaboration},
author={Abi, B. and Acciarri, R. and Acero, M. A. and Adamov, G. and Adams, D. and Adinolfi, M. and Ahmad, Z. and Ahmed, J. and Alion, T. and Monsalve, S. A. and others},
journal={The European Physical Journal C},
volume={81},
number={5},
pages={423},
year={2021},
publisher={Springer}
}
@article{akhmedov2007charged,
title={Do charged leptons oscillate?},
author={Akhmedov, E.},
journal={Journal of High Energy Physics},
volume={2007},
number={09},
pages={116},
year={2007},
publisher={IOP Publishing}
}
@article{harrison2000cp,
title={\uppercase{CP} and \uppercase{T} violation in neutrino oscillations and invariance of Jarlskog's determinant to matter effects},
author={Harrison, P. F. and Scott, W. G.},
journal={Physics Letters B},
volume={476},
number={3-4},
pages={349--355},
year={2000},
publisher={Elsevier}
}
@article{mikheev1985resonance,
title={Resonance amplification of oscillations in matter and spectroscopy of solar neutrinos},
author={Mikheev, S. P. and Smirnov, A. Y.},
journal={Yadernaya Fizika},
volume={42},
number={6},
pages={1441--1448},
year={1985}
}
@article{bethe1986possible,
title = {Possible Explanation of the Solar-Neutrino Puzzle},
author = {Bethe, H. A.},
journal = {Phys. Rev. Lett.},
volume = {56},
issue = {12},
pages = {1305--1308},
numpages = {0},
year = {1986},
month = {Mar},
publisher = {American Physical Society},
doi = {10.1103/PhysRevLett.56.1305},
}
@article{kuo1989neutrino,
title={Neutrino oscillations in matter},
author={Kuo, T. and Pantaleone, J.},
journal={Reviews of Modern Physics},
volume={61},
number={4},
pages={937},
year={1989},
publisher={APS}
}
@article{ohlsson2000three,
title={Three flavor neutrino oscillations in matter},
author={Ohlsson, T. and Snellman, H.},
journal={Journal of Mathematical Physics},
volume={41},
number={5},
pages={2768--2788},
year={2000},
publisher={American Institute of Physics}
}
@inproceedings{ohlsson2009non,
title={Non-Standard Neutrino Interactions},
author={Ohlsson, T.},
booktitle={AIP Conference Proceedings},
volume={1189},
number={1},
pages={16--23},
year={2009},
organization={American Institute of Physics}
}
@inproceedings{winter2015neutrino,
title={Neutrino mass hierarchy: theory and phenomenology},
author={Winter, W.},
booktitle={AIP Conference Proceedings},
volume={1666},
number={1},
pages={120001},
year={2015},
organization={AIP Publishing LLC}
}
@article{denton2020neutrino,
title={Neutrino oscillations in matter via eigenvalues},
author={Denton, P. B. and Parke, S. J. and Zhang, X.},
journal={Physical Review D},
volume={101},
number={9},
pages={093001},
year={2020},
publisher={APS}
}
@article{xing2020flavor,
title={Flavor structures of charged fermions and massive neutrinos},
author={Xing, Z.},
journal={Physics Reports},
volume={854},
pages={1--147},
year={2020},
publisher={Elsevier}
}
@article{wolfenstein1983parametrization,
title={Parametrization of the Kobayashi-Maskawa matrix},
author={Wolfenstein, L.},
journal={Physical Review Letters},
volume={51},
number={21},
pages={1945},
year={1983},
publisher={APS}
}
@article{wolfenstein1978neutrino,
title = {Neutrino oscillations in matter},
author = {Wolfenstein, L.},
journal = {Phys. Rev. D},
volume = {17},
issue = {9},
pages = {2369--2374},
numpages = {0},
year = {1978},
month = {May},
publisher = {American Physical Society},
doi = {10.1103/PhysRevD.17.2369}
}