@article{Fleming:2000ib,
author = "Fleming, S. and Rothstein, I. Z. and Leibovich, A. K.",
title = "{Power counting and effective field theory for charmonium}",
eprint = "hep-ph/0012062",
archivePrefix = "arXiv",
reportNumber = "CMU-0005, FERMILAB-PUB-00-321-T",
doi = "10.1103/PhysRevD.64.036002",
journal = "Phys. Rev. D",
volume = "64",
pages = "036002",
year = "2001"
}
@article{Bauer:2000yr,
author = "Bauer, C. W. and Fleming, S. and Pirjol, D. and S., Iain W.",
title = "{An Effective field theory for collinear and soft gluons: Heavy to light decays}",
eprint = "hep-ph/0011336",
archivePrefix = "arXiv",
reportNumber = "UCSD-PTH-00-28",
doi = "10.1103/PhysRevD.63.114020",
journal = "Phys. Rev. D",
volume = "63",
pages = "114020",
year = "2001"
}